timestamp,order_id,market_ticker,side,count,price,edge,p_true,book_odds,market_type,total_line,team,event_ticker
2026-02-05T21:12:33.198481,d159887b-d627-4ad4-8b1b-14dc289d4db7,KXNCAAMBGAME-26FEB07ILLMSU-ILL,NO,3,0.47,0.051739,0.521739,-120.0,MONEYLINE,,illinois,KXNCAAMBGAME-26FEB07ILLMSU
2026-02-05T21:12:33.429308,0a7a3c4c-df60-4062-a208-101720ca7dc8,KXNCAAMBGAME-26FEB07HOUBYU-BYU,NO,3,0.54,0.043604,0.583604,-156.0,MONEYLINE,,byu,KXNCAAMBGAME-26FEB07HOUBYU
2026-02-05T21:12:33.731824,6c714a27-9842-4762-ab4b-563e60057bf1,KXNCAAMBGAME-26FEB07FLATXAM-FLA,YES,2,0.64,0.0391,0.6791,-245.0,MONEYLINE,,florida,KXNCAAMBGAME-26FEB07FLATXAM
2026-02-05T21:12:33.961495,26af67ac-64e1-4ea1-9e38-1967ba14f9d3,KXNCAAMBGAME-26FEB07FLATXAM-FLA,NO,2,0.29,0.0309,0.3209,198.0,MONEYLINE,,florida,KXNCAAMBGAME-26FEB07FLATXAM
2026-02-05T21:12:34.276293,6a9ed074-ad9e-4905-a7d3-714042e47962,KXNCAAMBGAME-26FEB07HOUBYU-BYU,YES,1,0.39,0.026396,0.416396,130.0,MONEYLINE,,byu,KXNCAAMBGAME-26FEB07HOUBYU
2026-02-05T21:12:34.509600,48dae8ca-a6e9-4b55-804f-9f2a2ececeae,KXNCAAMBGAME-26FEB07ALAAUB-AUB,NO,1,0.42,0.025109,0.445109,115.0,MONEYLINE,,auburn,KXNCAAMBGAME-26FEB07ALAAUB
2026-02-05T21:12:34.802815,630a125e-7583-4a84-9225-77d627e324dd,KXNCAAMBGAME-26FEB07DUKEUNC-UNC,NO,2,0.69,0.024441,0.714441,-295.0,MONEYLINE,,north carolina,KXNCAAMBGAME-26FEB07DUKEUNC
2026-02-05T21:15:15.377680,83d114a6-c356-4fda-ace5-a751b5d2c504,KXNCAAMBGAME-26FEB07HOUBYU-BYU,NO,3,0.54,0.043604,0.583604,-156.0,MONEYLINE,,byu,KXNCAAMBGAME-26FEB07HOUBYU
2026-02-05T21:15:15.762154,5c0adeb7-3da5-4263-99f6-7336224222e3,KXNCAAMBGAME-26FEB07TENNUK-TENN,YES,2,0.46,0.030183,0.490183,-105.0,MONEYLINE,,tennessee,KXNCAAMBGAME-26FEB07TENNUK
2026-02-05T22:30:34.825860,ff9491af-c08e-46a5-9c6a-d4e79252e87b,KXNCAAMBGAME-26FEB07FLATXAM-FLA,YES,1,0.66,0.0191,0.6791,-245.0,MONEYLINE,,florida,KXNCAAMBGAME-26FEB07FLATXAM
2026-02-05T22:34:10.219061,56b81285-76f3-4d95-85f4-3a6074aa4968,KXNCAAMBGAME-26FEB06BELUIC-UIC,NO,1,0.6,0.017368,0.617368,-182.0,MONEYLINE,,uic,KXNCAAMBGAME-26FEB06BELUIC
2026-02-05T23:20:22.038500,bb9186b4-a719-4479-89f9-060bfdb536c4,KXNCAAMBGAME-26FEB06EVANVALP-EVAN,NO,2,0.82,0.015633,0.835633,-710.0,MONEYLINE,,evansville,KXNCAAMBGAME-26FEB06EVANVALP
2026-02-05T23:21:35.517174,f7e44a13-52e5-472d-882a-458e71ce534a,KXNCAAMBGAME-26FEB06EVANVALP-EVAN,NO,2,0.82,0.015633,0.835633,-710.0,MONEYLINE,,evansville,KXNCAAMBGAME-26FEB06EVANVALP
2026-02-05T23:57:05.830548,8294c713-46f3-4280-be06-11741163cf09,KXNCAAMBTOTAL-26FEB06LCHIDAV-138,YES,1,0.49,0.020834,0.510834,-115.0,TOTAL,139.5,loyola chicago at davidson total 139.5 OVER,KXNCAAMBTOTAL-26FEB06LCHIDAV
2026-02-06T09:37:09.029101,7e6ae9d3-39fa-4968-acb5-3f982987a67c,KXNCAAMBGAME-26FEB06DRKEILST-ILST,NO,2,0.18,0.020441,0.200441,379.0,MONEYLINE,,illinois state,KXNCAAMBGAME-26FEB06DRKEILST
2026-02-06T17:51:40.577239,b3d73563-d511-4290-b07b-fb419ec21769,KXNCAAMBGAME-26FEB07OREPUR-PUR,NO,2,0.03,0.02672,0.05672,1600.0,MONEYLINE,,purdue,KXNCAAMBGAME-26FEB07OREPUR
2026-02-06T17:51:40.729572,24968d89-b3d6-42ba-9884-d741378066c0,KXNCAAMBGAME-26FEB07LOUWAKE-WAKE,NO,1,0.76,0.017217,0.777217,-430.0,MONEYLINE,,wake forest,KXNCAAMBGAME-26FEB07LOUWAKE
2026-02-06T17:53:40.116212,3f8485ef-504e-4a03-be76-b1c1c9192074,KXNCAAMBGAME-26FEB07TENNUK-TENN,NO,2,0.5,0.033347,0.533347,-126.0,MONEYLINE,,tennessee,KXNCAAMBGAME-26FEB07TENNUK
2026-02-06T17:53:40.267397,b8f198a9-4309-4dd6-97b5-dce58a5b52b9,KXNCAAMBGAME-26FEB07GTSTAN-GT,NO,2,0.75,0.022329,0.772329,-420.0,MONEYLINE,,georgia tech,KXNCAAMBGAME-26FEB07GTSTAN
2026-02-06T17:56:59.438990,61d438d0-291b-4f45-b088-24de151eef84,KXNCAAMBGAME-26FEB07DREXELON-ELON,YES,8,0.58,0.103258,0.683258,-250.0,MONEYLINE,,elon,KXNCAAMBGAME-26FEB07DREXELON
2026-02-06T17:56:59.590445,8c205a8a-1d13-46b2-a6b3-a74b560d9439,KXNCAAMBGAME-26FEB07EMUAPP-APP,YES,6,0.64,0.082879,0.722879,-310.0,MONEYLINE,,appalachian state,KXNCAAMBGAME-26FEB07EMUAPP
2026-02-06T17:56:59.743798,a68fa003-3299-4915-9d37-4e55aca5dfc3,KXNCAAMBGAME-26FEB07TEMECU-TEM,YES,5,0.51,0.070249,0.580249,-154.0,MONEYLINE,,temple,KXNCAAMBGAME-26FEB07TEMECU
2026-02-06T17:56:59.899481,2eec339c-25cd-4358-8856-ba5a2c3254f8,KXNCAAMBGAME-26FEB07EMUAPP-EMU,YES,3,0.21,0.067121,0.277121,245.0,MONEYLINE,,eastern michigan,KXNCAAMBGAME-26FEB07EMUAPP
2026-02-06T17:57:00.051352,8bdf4abd-7f08-4b4c-855f-6187de591ae1,KXNCAAMBGAME-26FEB07DREXELON-DREX,YES,5,0.26,0.056742,0.316742,202.0,MONEYLINE,,drexel,KXNCAAMBGAME-26FEB07DREXELON
2026-02-06T17:57:00.203106,de1d417a-f024-472c-b940-dc958725bc3d,KXNCAAMBGAME-26FEB07TEMECU-TEM,NO,1,0.4,0.019751,0.419751,128.0,MONEYLINE,,temple,KXNCAAMBGAME-26FEB07TEMECU
2026-02-06T18:01:38.047453,a6f6dc8b-2caf-44b7-b6ab-60cb6076d60c,KXNCAAMBGAME-26FEB07GTSTAN-GT,NO,2,0.75,0.022329,0.772329,-420.0,MONEYLINE,,georgia tech,KXNCAAMBGAME-26FEB07GTSTAN
2026-02-06T18:02:18.383295,a0ca189c-72cd-4d16-a540-4ee15f075e38,KXNCAAMBGAME-26FEB07MOSULIB-LIB,YES,6,0.69,0.126017,0.816017,-580.0,MONEYLINE,,liberty,KXNCAAMBGAME-26FEB07MOSULIB
2026-02-06T18:02:18.535145,9c7cfc12-808a-42e4-858c-cc33c207c353,KXNCAAMBGAME-26FEB07ETSUVMI-VMI,YES,2,0.07,0.036164,0.106164,800.0,MONEYLINE,,vmi,KXNCAAMBGAME-26FEB07ETSUVMI
2026-02-06T18:03:38.163206,9acd1588-a2d6-4d4e-ad5d-247f8512a7c6,KXNCAAMBGAME-26FEB06DAYVCU-DAY,NO,1,0.75,0.018691,0.768691,-400.3333333333333,MONEYLINE,,dayton,KXNCAAMBGAME-26FEB06DAYVCU
2026-02-06T18:04:18.063082,a3ede3a4-537c-4469-a661-0eeb5ee1e8a1,KXNCAAMBGAME-26FEB07DREXELON-DREX,NO,3,0.64,0.043258,0.683258,-250.0,MONEYLINE,,drexel,KXNCAAMBGAME-26FEB07DREXELON
2026-02-06T18:04:18.214131,a20c6784-57c8-44aa-a2d5-38ab55fd880e,KXNCAAMBGAME-26FEB07GTSTAN-GT,NO,2,0.75,0.022329,0.772329,-420.0,MONEYLINE,,georgia tech,KXNCAAMBGAME-26FEB07GTSTAN
2026-02-06T18:06:17.768381,bedca6fa-b52a-4a6a-80b3-36a2ac3e7e3a,KXNCAAMBGAME-26FEB07EMUAPP-EMU,NO,2,0.69,0.032879,0.722879,-310.0,MONEYLINE,,eastern michigan,KXNCAAMBGAME-26FEB07EMUAPP
2026-02-06T18:06:57.490899,34afaa6b-73f0-4ddd-929a-32d6aa85d450,KXNCAAMBGAME-26FEB07EMUAPP-APP,NO,3,0.22,0.057121,0.277121,245.0,MONEYLINE,,appalachian state,KXNCAAMBGAME-26FEB07EMUAPP
2026-02-06T18:06:57.642590,40e1e4f6-7b85-4ec8-8df5-a2111526ed3d,KXNCAAMBGAME-26FEB07DREXELON-DREX,NO,3,0.64,0.043258,0.683258,-250.0,MONEYLINE,,drexel,KXNCAAMBGAME-26FEB07DREXELON
2026-02-06T18:07:38.098385,c3779415-d745-4ace-a3f4-45e9ac626ba8,KXNCAAMBGAME-26FEB07SCUWSU-SCU,YES,6,0.71,0.077394,0.787394,-465.0,MONEYLINE,,santa clara,KXNCAAMBGAME-26FEB07SCUWSU
2026-02-06T18:07:38.251662,f341cce0-6046-4c4b-bba2-39af5e5e7bbf,KXNCAAMBGAME-26FEB07USUWYO-USU,YES,5,0.68,0.057596,0.737596,-335.0,MONEYLINE,,utah state,KXNCAAMBGAME-26FEB07USUWYO
2026-02-06T18:07:38.407290,e6e1b42f-b02b-45cf-ae92-d2bf83a47140,KXNCAAMBGAME-26FEB07IWMCNS-IW,YES,2,0.03,0.049755,0.079755,1100.0,MONEYLINE,,incarnate word,KXNCAAMBGAME-26FEB07IWMCNS
2026-02-06T18:07:38.558599,50c47538-6c57-486e-a79d-04e814209a19,KXNCAAMBGAME-26FEB07USUWYO-USU,NO,2,0.24,0.022404,0.262404,265.0,MONEYLINE,,utah state,KXNCAAMBGAME-26FEB07USUWYO
2026-02-06T18:08:58.613966,ba053346-aef4-4c7d-8b8e-f361cd3bbd0b,KXNCAAMBGAME-26FEB07EMUAPP-EMU,NO,2,0.69,0.032879,0.722879,-310.0,MONEYLINE,,eastern michigan,KXNCAAMBGAME-26FEB07EMUAPP
2026-02-06T18:09:38.455610,03073346-c78d-48f9-813c-c6c294ac63dc,KXNCAAMBGAME-26FEB07DREXELON-DREX,NO,3,0.64,0.043258,0.683258,-250.0,MONEYLINE,,drexel,KXNCAAMBGAME-26FEB07DREXELON
2026-02-06T18:10:58.134899,ec2959be-6ed6-4992-a327-729616631c13,KXNCAAMBGAME-26FEB07GTSTAN-GT,NO,2,0.75,0.022329,0.772329,-420.0,MONEYLINE,,georgia tech,KXNCAAMBGAME-26FEB07GTSTAN
2026-02-06T18:11:38.113053,f13653a0-191d-4d1b-ba65-3d181834d6ff,KXNCAAMBGAME-26FEB07EMUAPP-EMU,NO,2,0.69,0.032879,0.722879,-310.0,MONEYLINE,,eastern michigan,KXNCAAMBGAME-26FEB07EMUAPP
2026-02-06T18:12:17.896388,b36fde2c-98fd-4271-b631-8284abd17308,KXNCAAMBGAME-26FEB07DREXELON-DREX,NO,3,0.64,0.043258,0.683258,-250.0,MONEYLINE,,drexel,KXNCAAMBGAME-26FEB07DREXELON
2026-02-06T18:12:58.500704,fa271354-218d-4492-b712-1b662ab70a71,KXNCAAMBGAME-26FEB07BSUUNM-BSU,NO,7,0.63,0.100077,0.730077,-320.0,MONEYLINE,,boise state,KXNCAAMBGAME-26FEB07BSUUNM
2026-02-06T18:12:58.654880,07a0bd79-0182-43c1-bdf5-54f87ff70483,KXNCAAMBGAME-26FEB07SFSMC-SMC,YES,5,0.82,0.057301,0.877301,-1100.0,MONEYLINE,,saint marys,KXNCAAMBGAME-26FEB07SFSMC
2026-02-06T18:12:58.809259,902b15b4-be2a-4f06-9488-9d4a91c68c96,KXNCAAMBGAME-26FEB07UCIUCSB-UCSB,YES,3,0.48,0.041739,0.521739,-120.0,MONEYLINE,,uc santa barbara,KXNCAAMBGAME-26FEB07UCIUCSB
2026-02-06T18:12:58.959474,ad812634-4343-4a4d-afe1-08adffcc1334,KXNCAAMBGAME-26FEB07UCIUCSB-UCI,YES,2,0.44,0.038261,0.478261,100.0,MONEYLINE,,uc irvine,KXNCAAMBGAME-26FEB07UCIUCSB
2026-02-06T18:12:59.113989,9a2dcab5-4e68-49a2-93b2-2fc433033e82,KXNCAAMBGAME-26FEB07FRESNEV-FRES,NO,3,0.8,0.029157,0.829157,-650.0,MONEYLINE,,fresno state,KXNCAAMBGAME-26FEB07FRESNEV
2026-02-06T18:12:59.262631,2bc4fe65-a6bd-4c6f-b820-da4a6827be77,KXNCAAMBGAME-26FEB07FRESNEV-FRES,YES,3,0.15,0.020843,0.170843,460.0,MONEYLINE,,fresno state,KXNCAAMBGAME-26FEB07FRESNEV
2026-02-06T18:13:39.149336,f38656a5-1069-45ee-b4a4-aa2d8858661e,KXNCAAMBGAME-26FEB07GTSTAN-GT,NO,2,0.75,0.022329,0.772329,-420.0,MONEYLINE,,georgia tech,KXNCAAMBGAME-26FEB07GTSTAN
2026-02-06T18:14:19.142325,4e7cc616-8e72-4c4a-85b1-faccad87a82c,KXNCAAMBGAME-26FEB07EMUAPP-EMU,NO,5,0.67,0.060077,0.730077,-320.0,MONEYLINE,,eastern michigan,KXNCAAMBGAME-26FEB07EMUAPP
2026-02-06T18:14:59.221654,5e581c3e-642d-4b94-b7d8-3550c7004772,KXNCAAMBGAME-26FEB07DREXELON-DREX,NO,4,0.63,0.053258,0.683258,-250.0,MONEYLINE,,drexel,KXNCAAMBGAME-26FEB07DREXELON
2026-02-06T18:15:39.417519,0c5e1ddf-838f-4495-b51e-97d7a6e850b7,KXNCAAMBGAME-26FEB07DREXELON-DREX,YES,3,0.28,0.036742,0.316742,202.0,MONEYLINE,,drexel,KXNCAAMBGAME-26FEB07DREXELON
2026-02-06T18:16:19.318328,496ea8d4-cabe-46fb-8018-657dee7cb2c7,KXNCAAMBGAME-26FEB07GTSTAN-GT,NO,2,0.75,0.022329,0.772329,-420.0,MONEYLINE,,georgia tech,KXNCAAMBGAME-26FEB07GTSTAN
2026-02-06T18:17:38.982700,69d51d58-9c1c-4ffa-9ac3-9c5c3321d018,KXNCAAMBGAME-26FEB07DREXELON-ELON,YES,1,0.66,0.023258,0.683258,-250.0,MONEYLINE,,elon,KXNCAAMBGAME-26FEB07DREXELON
2026-02-06T18:18:19.462857,bbb0c82e-1e0d-4434-8387-32546b17ce0d,KXNCAAMBGAME-26FEB07BGSUARST-ARST,NO,6,0.38,0.086653,0.466653,105.0,MONEYLINE,,arkansas state,KXNCAAMBGAME-26FEB07BGSUARST
2026-02-06T18:18:19.615755,551790da-1afd-4103-ad9a-64a6d03e37e0,KXNCAAMBGAME-26FEB07BGSUARST-ARST,YES,4,0.48,0.053347,0.533347,-126.0,MONEYLINE,,arkansas state,KXNCAAMBGAME-26FEB07BGSUARST
2026-02-06T18:18:19.773422,4a62b921-3383-40c8-b647-4a10d8f278bf,KXNCAAMBGAME-26FEB07BSUUNM-UNM,NO,2,0.26,0.02169,0.28169,240.0,MONEYLINE,,new mexico,KXNCAAMBGAME-26FEB07BSUUNM
2026-02-06T18:18:59.742031,6bf47c3a-43a4-4ed4-8c72-8c8e6a40ddfb,KXNCAAMBGAME-26FEB07GTSTAN-GT,NO,2,0.75,0.022329,0.772329,-420.0,MONEYLINE,,georgia tech,KXNCAAMBGAME-26FEB07GTSTAN
2026-02-06T18:19:39.589719,84697324-0c55-4e46-8f6b-51bab4d9753c,KXNCAAMBGAME-26FEB07EMUAPP-APP,YES,1,0.71,0.020077,0.730077,-320.0,MONEYLINE,,appalachian state,KXNCAAMBGAME-26FEB07EMUAPP
2026-02-06T18:26:18.339362,eb38376e-597e-4193-9c44-1483a9c41257,KXNCAAMBGAME-26FEB07GTSTAN-GT,NO,2,0.75,0.022329,0.772329,-420.0,MONEYLINE,,georgia tech,KXNCAAMBGAME-26FEB07GTSTAN
2026-02-06T18:28:58.118511,8c630c73-90f2-4eee-954e-e2d8088daee9,KXNCAAMBTOTAL-26FEB07DUKEUNC-153,YES,4,0.43,0.06561,0.49561,-107.0,TOTAL,152.5,duke at north carolina total 152.5 OVER,KXNCAAMBTOTAL-26FEB07DUKEUNC
2026-02-06T18:28:58.273894,feb267bb-8c4a-477c-9382-770209a680c1,KXNCAAMBGAME-26FEB07UTAHKU-KU,NO,2,0.03,0.02672,0.05672,1600.0,MONEYLINE,,kansas,KXNCAAMBGAME-26FEB07UTAHKU
2026-02-06T18:29:38.452776,d7b87f41-c642-4f31-83ec-9d5a95f27034,KXNCAAMBGAME-26FEB07CLEMCAL-CAL,NO,2,0.57,0.03177,0.60177,-170.0,MONEYLINE,,california,KXNCAAMBGAME-26FEB07CLEMCAL
2026-02-06T18:29:38.606190,9ddc1399-6968-4b15-8340-46e85fc0725e,KXNCAAMBGAME-26FEB07BGSUARST-ARST,YES,1,0.54,0.017522,0.557522,-140.0,MONEYLINE,,arkansas state,KXNCAAMBGAME-26FEB07BGSUARST
2026-02-06T18:30:18.482217,2b30e839-a007-481a-a591-5afa3037ac24,KXNCAAMBGAME-26FEB07UCIUCSB-UCSB,NO,1,0.46,0.018261,0.478261,100.0,MONEYLINE,,uc santa barbara,KXNCAAMBGAME-26FEB07UCIUCSB
2026-02-06T18:30:58.399619,b5fcda8d-b006-459e-86a2-7972b1f3a68f,KXNCAAMBGAME-26FEB07DREXELON-ELON,NO,2,0.29,0.026742,0.316742,202.0,MONEYLINE,,elon,KXNCAAMBGAME-26FEB07DREXELON
2026-02-06T18:32:18.180904,a5000ea3-8195-4688-853a-0c8b3575208c,KXNCAAMBGAME-26FEB07SFSMC-SF,YES,5,0.08,0.042699,0.122699,680.0,MONEYLINE,,san francisco,KXNCAAMBGAME-26FEB07SFSMC
2026-02-06T18:32:18.335562,39e58dc7-54ac-40a9-b192-ea1c40e577f5,KXNCAAMBGAME-26FEB07CLEMCAL-CAL,NO,2,0.57,0.03177,0.60177,-170.0,MONEYLINE,,california,KXNCAAMBGAME-26FEB07CLEMCAL
2026-02-06T18:32:18.491673,26c95101-8d09-4883-a75d-6f4c230631ee,KXNCAAMBGAME-26FEB07SFSMC-SF,NO,3,0.85,0.027301,0.877301,-1100.0,MONEYLINE,,san francisco,KXNCAAMBGAME-26FEB07SFSMC
2026-02-06T18:34:58.275113,08ed220d-1511-4f5b-9310-ff34792ff650,KXNCAAMBGAME-26FEB07SFSMC-SF,NO,3,0.85,0.027301,0.877301,-1100.0,MONEYLINE,,san francisco,KXNCAAMBGAME-26FEB07SFSMC
2026-02-06T18:34:58.426557,e9d9b64a-f1ad-447e-a845-b2ec5f9f2d63,KXNCAAMBGAME-26FEB07CLEMCAL-CAL,NO,1,0.58,0.02177,0.60177,-170.0,MONEYLINE,,california,KXNCAAMBGAME-26FEB07CLEMCAL
2026-02-06T18:37:37.627149,4871edb8-ec5d-456b-a78c-4235c7fb406e,KXNCAAMBGAME-26FEB07FRESNEV-FRES,YES,4,0.14,0.030843,0.170843,460.0,MONEYLINE,,fresno state,KXNCAAMBGAME-26FEB07FRESNEV
2026-02-06T18:37:37.779860,cc1be9ad-cb53-45f5-b398-e0ed0ec003f1,KXNCAAMBGAME-26FEB07SFSMC-SF,NO,3,0.85,0.027301,0.877301,-1100.0,MONEYLINE,,san francisco,KXNCAAMBGAME-26FEB07SFSMC
2026-02-06T18:37:37.931992,b3b615e6-7c99-4db9-8123-96e8ae7518a7,KXNCAAMBGAME-26FEB07CLEMCAL-CAL,NO,1,0.58,0.02177,0.60177,-170.0,MONEYLINE,,california,KXNCAAMBGAME-26FEB07CLEMCAL
2026-02-06T18:37:38.084324,894b9738-7529-4a32-a70b-360f49d972d4,KXNCAAMBGAME-26FEB07FRESNEV-FRES,NO,2,0.81,0.019157,0.829157,-650.0,MONEYLINE,,fresno state,KXNCAAMBGAME-26FEB07FRESNEV
2026-02-06T18:38:17.914482,fa4c6859-1fef-4a72-88a9-c4157622a703,KXNCAAMBTOTAL-26FEB06EVANVALP-136,YES,3,0.47,0.040834,0.510834,-115.0,TOTAL,135.5,evansville at valparaiso total 135.5 OVER,KXNCAAMBTOTAL-26FEB06EVANVALP
2026-02-06T18:38:18.065336,39a61f06-d2cf-4032-b2b6-4f9fb12acf25,KXNCAAMBGAME-26FEB07IWMCNS-IW,YES,2,0.05,0.029755,0.079755,1100.0,MONEYLINE,,incarnate word,KXNCAAMBGAME-26FEB07IWMCNS
2026-02-06T18:38:44.429440,02a0d4f2-f765-419f-8271-6eb64bc6fc6e,KXNCAAMBGAME-26FEB07KENTUSM-KENT,NO,5,0.26,0.0609,0.3209,198.0,MONEYLINE,,kent state,KXNCAAMBGAME-26FEB07KENTUSM
2026-02-06T18:38:44.575397,eb6855cb-ef41-4ed9-a44c-96ba59f503b0,KXNCAAMBGAME-26FEB07SDAKSDST-SDAK,NO,4,0.78,0.042677,0.822677,-610.0,MONEYLINE,,south dakota,KXNCAAMBGAME-26FEB07SDAKSDST
2026-02-06T18:38:44.722815,8d95b035-17a1-4840-836e-5808b46cd576,KXNCAAMBGAME-26FEB07LASSLU-SLU,YES,4,0.93,0.032606,0.962606,-10000.0,MONEYLINE,,saint louis,KXNCAAMBGAME-26FEB07LASSLU
2026-02-06T18:38:44.868858,2f8d7267-0149-4ef0-87ba-77e11a8e1f16,KXNCAAMBGAME-26FEB07FIUWKU-FIU,YES,2,0.31,0.03188,0.34188,180.0,MONEYLINE,,florida international,KXNCAAMBGAME-26FEB07FIUWKU
2026-02-06T18:38:45.014369,f440cb8d-d665-4679-8c23-5c1ab9c766f4,KXNCAAMBGAME-26FEB07RICHURI-RICH,YES,2,0.27,0.028805,0.298805,220.0,MONEYLINE,,richmond,KXNCAAMBGAME-26FEB07RICHURI
2026-02-06T18:38:45.161541,087a3175-9c45-434d-a916-1c980d3175e6,KXNCAAMBGAME-26FEB07MTUDEL-MTU,NO,1,0.31,0.022527,0.332527,188.0,MONEYLINE,,middle tennessee,KXNCAAMBGAME-26FEB07MTUDEL
2026-02-06T18:38:45.306063,8b926357-1ea1-43ab-8734-21e0ece7f249,KXNCAAMBGAME-26FEB07MTUDEL-MTU,YES,1,0.65,0.017473,0.667473,-230.0,MONEYLINE,,middle tennessee,KXNCAAMBGAME-26FEB07MTUDEL
2026-02-06T18:39:25.602247,72b83d3b-e44d-4eb4-948a-3c51f2a280ff,KXNCAAMBGAME-26FEB07SCUWSU-SCU,YES,2,0.76,0.027394,0.787394,-465.0,MONEYLINE,,santa clara,KXNCAAMBGAME-26FEB07SCUWSU
2026-02-06T18:40:05.276559,4a010966-ad4e-4863-82b4-2e92134b3ab7,KXNCAAMBGAME-26FEB07SFSMC-SF,NO,3,0.85,0.027301,0.877301,-1100.0,MONEYLINE,,san francisco,KXNCAAMBGAME-26FEB07SFSMC
2026-02-06T18:41:24.233937,3a795c33-eec6-4918-9113-cbf7a2e01e09,KXNCAAMBGAME-26FEB07SDAKSDST-SDAK,NO,3,0.79,0.032677,0.822677,-610.0,MONEYLINE,,south dakota,KXNCAAMBGAME-26FEB07SDAKSDST
2026-02-06T18:42:43.307119,f2b4960c-60d4-479a-a3f5-f0b6ecb45133,KXNCAAMBGAME-26FEB07SFSMC-SF,NO,3,0.85,0.027301,0.877301,-1100.0,MONEYLINE,,san francisco,KXNCAAMBGAME-26FEB07SFSMC
2026-02-06T18:44:02.307101,aed4c14d-88c1-48b0-b57a-c34dc2cf434c,KXNCAAMBGAME-26FEB07SDAKSDST-SDAK,NO,3,0.79,0.032677,0.822677,-610.0,MONEYLINE,,south dakota,KXNCAAMBGAME-26FEB07SDAKSDST
2026-02-06T18:45:22.140658,ca8c10b5-bbbc-4d5e-9d6b-704c92e5e1d9,KXNCAAMBGAME-26FEB07SFSMC-SF,NO,3,0.85,0.027301,0.877301,-1100.0,MONEYLINE,,san francisco,KXNCAAMBGAME-26FEB07SFSMC
2026-02-06T18:46:01.754191,d6f5858a-4ecd-471d-8d4c-c3fad5601a2f,KXNCAAMBGAME-26FEB07GTSTAN-GT,NO,2,0.75,0.022329,0.772329,-420.0,MONEYLINE,,georgia tech,KXNCAAMBGAME-26FEB07GTSTAN
2026-02-06T18:48:00.455665,40d87fbc-e1e4-495c-b671-bfb5cb5b8334,KXNCAAMBGAME-26FEB07TEMECU-ECU,NO,3,0.53,0.050249,0.580249,-154.0,MONEYLINE,,east carolina,KXNCAAMBGAME-26FEB07TEMECU
2026-02-06T18:48:00.603237,ec6acd83-258b-4085-8831-7ac708ed0551,KXNCAAMBGAME-26FEB07SFSMC-SMC,YES,2,0.86,0.017301,0.877301,-1100.0,MONEYLINE,,saint marys,KXNCAAMBGAME-26FEB07SFSMC
2026-02-06T18:48:40.286901,39f3f5d5-c7de-464a-8808-2e6ace14ffcc,KXNCAAMBGAME-26FEB07GTSTAN-GT,NO,2,0.75,0.022329,0.772329,-420.0,MONEYLINE,,georgia tech,KXNCAAMBGAME-26FEB07GTSTAN
2026-02-06T18:56:35.640025,2b7b90dd-fb8f-4dac-b66e-8bd6aaa8d231,KXNCAAMBGAME-26FEB07SDAKSDST-SDAK,NO,3,0.79,0.032677,0.822677,-610.0,MONEYLINE,,south dakota,KXNCAAMBGAME-26FEB07SDAKSDST
2026-02-06T18:58:56.523615,8b54b664-58fe-41d9-bc92-68de71811e11,KXNCAAMBGAME-26FEB07SDAKSDST-SDAK,NO,3,0.79,0.032677,0.822677,-610.0,MONEYLINE,,south dakota,KXNCAAMBGAME-26FEB07SDAKSDST
2026-02-06T19:00:15.543837,983c89ec-0b13-4b47-a887-ad5073bb76a9,KXNCAAMBGAME-26FEB07SCUWSU-SCU,NO,4,0.16,0.067671,0.227671,320.0,MONEYLINE,,santa clara,KXNCAAMBGAME-26FEB07SCUWSU
2026-02-06T19:00:55.728271,43227d7f-87e3-481d-b1c1-4a911bd99b57,KXNCAAMBGAME-26FEB07MOSULIB-LIB,NO,3,0.14,0.043983,0.183983,420.0,MONEYLINE,,liberty,KXNCAAMBGAME-26FEB07MOSULIB
2026-02-06T19:03:33.150384,d2f967cd-633a-4c74-894f-17e1dc0f7e40,KXNCAAMBGAME-26FEB07TEMECU-ECU,NO,1,0.56,0.020249,0.580249,-154.0,MONEYLINE,,east carolina,KXNCAAMBGAME-26FEB07TEMECU
2026-02-06T19:04:51.985393,126ba684-6842-48b3-8b8c-3df6e29438cd,KXNCAAMBGAME-26FEB07VTNCST-VT,NO,2,0.8,0.022677,0.822677,-610.0,MONEYLINE,,virginia tech,KXNCAAMBGAME-26FEB07VTNCST
2026-02-06T19:06:11.395427,5a449f94-71ec-4d86-9ee5-a6363151a26d,KXNCAAMBGAME-26FEB07BAYISU-ISU,NO,2,0.07,0.029648,0.099648,860.0,MONEYLINE,,iowa state,KXNCAAMBGAME-26FEB07BAYISU
2026-02-06T19:06:11.537862,f29d3e12-1eba-4f07-b210-f2ecb173dccf,KXNCAAMBGAME-26FEB07TEMECU-ECU,NO,1,0.56,0.020249,0.580249,-154.0,MONEYLINE,,east carolina,KXNCAAMBGAME-26FEB07TEMECU
2026-02-06T19:08:09.980526,88e76fb6-2ff0-4340-a71e-b7794d7ff08b,KXNCAAMBGAME-26FEB07TENNUK-UK,NO,1,0.45,0.016653,0.466653,105.0,MONEYLINE,,kentucky,KXNCAAMBGAME-26FEB07TENNUK
2026-02-06T19:08:49.496501,62851b77-f9da-46ea-a638-95795a2db922,KXNCAAMBGAME-26FEB07SDAKSDST-SDAK,YES,3,0.14,0.037323,0.177323,440.0,MONEYLINE,,south dakota,KXNCAAMBGAME-26FEB07SDAKSDST
2026-02-06T19:09:29.063882,ec256ff7-55fa-4834-9758-8ccb7243063b,KXNCAAMBGAME-26FEB07TEMECU-ECU,NO,1,0.56,0.020249,0.580249,-154.0,MONEYLINE,,east carolina,KXNCAAMBGAME-26FEB07TEMECU
2026-02-06T19:10:08.862062,6ecc6a66-09fc-416b-b8ba-ee5fb7961ebd,KXNCAAMBGAME-26FEB07MOSULIB-LIB,YES,3,0.79,0.026017,0.816017,-580.0,MONEYLINE,,liberty,KXNCAAMBGAME-26FEB07MOSULIB
2026-02-06T19:10:48.502334,cedebab7-c5f9-4ca5-817a-cd3f5b3caa44,KXNCAAMBGAME-26FEB07SDAKSDST-SDAK,NO,4,0.78,0.042677,0.822677,-610.0,MONEYLINE,,south dakota,KXNCAAMBGAME-26FEB07SDAKSDST
2026-02-06T19:10:48.645179,aa2cb9d8-8213-4aa6-a671-246c0908828c,KXNCAAMBGAME-26FEB07SFSMC-SF,YES,4,0.1,0.022699,0.122699,680.0,MONEYLINE,,san francisco,KXNCAAMBGAME-26FEB07SFSMC
2026-02-06T19:12:08.463920,2302c10d-362a-4f82-9a77-a68db42c536a,KXNCAAMBGAME-26FEB07SHSULT-LT,YES,2,0.33,0.026976,0.356976,168.0,MONEYLINE,,louisiana tech,KXNCAAMBGAME-26FEB07SHSULT
2026-02-06T19:12:08.612217,ff288bfe-edbc-44b2-96cc-1c6ab54ab093,KXNCAAMBGAME-26FEB07SHSULT-LT,NO,1,0.62,0.023024,0.643024,-205.0,MONEYLINE,,louisiana tech,KXNCAAMBGAME-26FEB07SHSULT
2026-02-06T19:12:08.755811,83dec583-c991-4797-b73f-f919e25de730,KXNCAAMBGAME-26FEB07TEMECU-ECU,NO,1,0.56,0.020249,0.580249,-154.0,MONEYLINE,,east carolina,KXNCAAMBGAME-26FEB07TEMECU
2026-02-06T19:13:27.940009,b8ee9fb4-4f26-44c8-ad57-13cea1add396,KXNCAAMBGAME-26FEB07SDAKSDST-SDAK,NO,4,0.78,0.042677,0.822677,-610.0,MONEYLINE,,south dakota,KXNCAAMBGAME-26FEB07SDAKSDST
2026-02-06T19:16:45.922641,5f69070a-6fde-4c4f-94a6-73bd4d586ea0,KXNCAAMBGAME-26FEB07SDAKSDST-SDAK,NO,4,0.78,0.042677,0.822677,-610.0,MONEYLINE,,south dakota,KXNCAAMBGAME-26FEB07SDAKSDST
2026-02-06T19:16:46.066944,3a1234f6-52c9-4e21-b621-62a38a7d5a7f,KXNCAAMBGAME-26FEB07USUWYO-USU,YES,2,0.71,0.027596,0.737596,-335.0,MONEYLINE,,utah state,KXNCAAMBGAME-26FEB07USUWYO
2026-02-06T19:19:23.996851,4de61720-63a2-46db-866e-ca27f5ffbc3f,KXNCAAMBGAME-26FEB07SDAKSDST-SDAK,NO,4,0.78,0.042677,0.822677,-610.0,MONEYLINE,,south dakota,KXNCAAMBGAME-26FEB07SDAKSDST
2026-02-06T19:22:02.381114,7a73610f-7941-4715-9dc0-c39738422683,KXNCAAMBGAME-26FEB07SDAKSDST-SDAK,NO,4,0.78,0.042677,0.822677,-610.0,MONEYLINE,,south dakota,KXNCAAMBGAME-26FEB07SDAKSDST
2026-02-06T19:24:39.825867,76280f22-568e-4fed-b63a-a489a33f6e4e,KXNCAAMBGAME-26FEB07SDAKSDST-SDAK,NO,3,0.79,0.032677,0.822677,-610.0,MONEYLINE,,south dakota,KXNCAAMBGAME-26FEB07SDAKSDST
2026-02-06T19:27:18.193572,0dfb8298-a73a-46ba-80bc-05e34a7ad6a2,KXNCAAMBGAME-26FEB07SDAKSDST-SDAK,NO,3,0.79,0.032677,0.822677,-610.0,MONEYLINE,,south dakota,KXNCAAMBGAME-26FEB07SDAKSDST
2026-02-06T19:32:34.360977,915aa31b-8f1f-4a71-8696-a08addec297c,KXNCAAMBGAME-26FEB07KENTUSM-KENT,YES,1,0.66,0.0191,0.6791,-245.0,MONEYLINE,,kent state,KXNCAAMBGAME-26FEB07KENTUSM
2026-02-06T19:39:48.860576,51864d44-30d8-4bdc-905c-feb1150381cb,KXNCAAMBGAME-26FEB07BSUUNM-UNM,YES,2,0.68,0.029544,0.709544,-285.0,MONEYLINE,,new mexico,KXNCAAMBGAME-26FEB07BSUUNM
2026-02-06T19:39:49.007703,1992f70b-e8e1-4d95-9ebf-0f51e74df1c2,KXNCAAMBGAME-26FEB07SDAKSDST-SDAK,YES,4,0.15,0.027323,0.177323,440.0,MONEYLINE,,south dakota,KXNCAAMBGAME-26FEB07SDAKSDST
2026-02-06T19:52:58.988121,9530a8a4-0bb3-4efc-929c-7994c688d2bf,KXNCAAMBTOTAL-26FEB07OKSTARIZ-168,YES,2,0.47,0.031082,0.501082,-110.5,TOTAL,168.0,oklahoma state at arizona total 168.0 OVER,KXNCAAMBTOTAL-26FEB07OKSTARIZ
2026-02-06T19:54:18.571528,56b6ac3b-074c-40e5-9d97-82aa0f2404f6,KXNCAAMBGAME-26FEB07SFSMC-SF,NO,2,0.86,0.017301,0.877301,-1100.0,MONEYLINE,,san francisco,KXNCAAMBGAME-26FEB07SFSMC
2026-02-06T19:56:56.369880,6862b7ca-71e7-419e-a733-9a39a844b116,KXNCAAMBGAME-26FEB07SFSMC-SMC,YES,2,0.86,0.017301,0.877301,-1100.0,MONEYLINE,,saint marys,KXNCAAMBGAME-26FEB07SFSMC
2026-02-06T20:08:29.230475,e6d31c3c-04de-40f6-9c60-d2178d92fe62,KXNCAAMBGAME-26FEB07WASHUCLA-UCLA,NO,2,0.26,0.02169,0.28169,240.0,MONEYLINE,,ucla,KXNCAAMBGAME-26FEB07WASHUCLA
2026-02-06T20:30:58.535329,6b0d9f63-2c36-47f4-8598-7c59c3e59b09,KXNCAAMBTOTAL-26FEB07CORCLMB-172,YES,1,0.48,0.02,0.5,-110.0,TOTAL,172.5,cornell at columbia total 172.5 OVER,KXNCAAMBTOTAL-26FEB07CORCLMB
2026-02-06T20:32:17.292942,6056e138-a57a-4ae3-8c72-8dd7b4b1fe71,KXNCAAMBGAME-26FEB07KSUTCU-TCU,YES,2,0.8,0.01886,0.81886,-580.0,MONEYLINE,,tcu,KXNCAAMBGAME-26FEB07KSUTCU
2026-02-06T20:36:13.918965,40046ed1-3fa8-46b5-85cb-20d8e725bd41,KXNCAAMBGAME-26FEB07KSUTCU-KSU,YES,2,0.17,0.021176,0.191176,400.0,MONEYLINE,,kansas state,KXNCAAMBGAME-26FEB07KSUTCU
2026-02-06T20:47:23.588325,6290e67f-e1d4-49ad-a579-3ca41ab2f903,KXNCAAMBGAME-26FEB07MOSULIB-LIB,YES,1,0.8,0.016017,0.816017,-580.0,MONEYLINE,,liberty,KXNCAAMBGAME-26FEB07MOSULIB
2026-02-06T20:48:42.272028,ee1866c4-c261-4d66-9e2e-f59c5e0fc0ba,KXNCAAMBGAME-26FEB07UCIUCSB-UCI,NO,1,0.52,0.016284,0.536284,-128.0,MONEYLINE,,uc irvine,KXNCAAMBGAME-26FEB07UCIUCSB
2026-02-06T20:51:19.223394,451349e3-2392-4eb9-af8c-5ab732e2a066,KXNCAAMBGAME-26FEB07UCIUCSB-UCI,NO,1,0.52,0.016284,0.536284,-128.0,MONEYLINE,,uc irvine,KXNCAAMBGAME-26FEB07UCIUCSB
2026-02-06T20:53:57.869720,9b1f97f5-53f2-4ed4-a49b-1526667485f2,KXNCAAMBGAME-26FEB07UCIUCSB-UCI,NO,1,0.52,0.016284,0.536284,-128.0,MONEYLINE,,uc irvine,KXNCAAMBGAME-26FEB07UCIUCSB
2026-02-06T20:56:36.075780,e00b0eec-f6c1-4778-9edd-823c17c36831,KXNCAAMBGAME-26FEB07UCIUCSB-UCI,NO,1,0.52,0.016284,0.536284,-128.0,MONEYLINE,,uc irvine,KXNCAAMBGAME-26FEB07UCIUCSB
2026-02-06T20:57:55.762817,eec292eb-fafc-47c3-b712-9c91a9a267fe,KXNCAAMBGAME-26FEB07SMUPITT-SMU,NO,2,0.33,0.026976,0.356976,168.0,MONEYLINE,,smu,KXNCAAMBGAME-26FEB07SMUPITT
2026-02-06T21:05:11.027471,1ed7c4c3-ec0d-43b1-89ff-0755963782e1,KXNCAAMBTOTAL-26FEB07CLEMCAL-136,YES,4,0.46,0.050834,0.510834,-115.0,TOTAL,135.5,clemson at california total 135.5 OVER,KXNCAAMBTOTAL-26FEB07CLEMCAL
2026-02-06T21:05:11.173029,5c2fc359-26ab-46eb-93a1-eb3ab634d10c,KXNCAAMBGAME-26FEB07HALLCREI-HALL,YES,1,0.42,0.022478,0.442478,116.0,MONEYLINE,,seton hall,KXNCAAMBGAME-26FEB07HALLCREI
2026-02-06T21:09:47.771719,4f11546e-e250-4c7d-92da-d178e1856a7a,KXNCAAMBTOTAL-26FEB07FIUWKU-157,YES,1,0.48,0.02,0.5,-111.0,TOTAL,157.5,florida international at western kentucky total 157.5 OVER,KXNCAAMBTOTAL-26FEB07FIUWKU
2026-02-06T21:19:40.659278,9056c60e-2568-4b10-a1be-85a76305da34,KXNCAAMBGAME-26FEB07MIABC-BC,YES,2,0.21,0.023645,0.233645,310.0,MONEYLINE,,boston college,KXNCAAMBGAME-26FEB07MIABC
2026-02-06T21:22:18.660234,2753e6d8-f410-46d1-a67b-d573bb01ff5d,KXNCAAMBGAME-26FEB07BUTMARQ-MARQ,NO,1,0.42,0.018756,0.438756,118.0,MONEYLINE,,marquette,KXNCAAMBGAME-26FEB07BUTMARQ
2026-02-06T21:22:58.195053,ad1efb35-a0cb-4e18-85fa-0900841b3a38,KXNCAAMBTOTAL-26FEB07EMUAPP-128,YES,1,0.48,0.02,0.5,-110.0,TOTAL,128.5,eastern michigan at appalachian state total 128.5 OVER,KXNCAAMBTOTAL-26FEB07EMUAPP
2026-02-06T21:30:13.177925,9abbb1ee-b51f-41ae-bf68-018e1e82bc1d,KXNCAAMBTOTAL-26FEB07SMUPITT-147,YES,1,0.48,0.02,0.5,-111.0,TOTAL,147.5,smu at pittsburgh total 147.5 OVER,KXNCAAMBTOTAL-26FEB07SMUPITT
2026-02-06T21:30:13.322205,f4b11e50-0805-4cd1-a021-ae763f7b6d57,KXNCAAMBGAME-26FEB07SYRUVA-UVA,NO,5,0.09,0.02157,0.11157,760.0,MONEYLINE,,virginia,KXNCAAMBGAME-26FEB07SYRUVA
2026-02-06T21:30:13.467417,d9dc1804-6479-4e71-be53-5b20985b5507,KXNCAAMBGAME-26FEB07SFSMC-SF,YES,3,0.12,0.020724,0.140724,580.0,MONEYLINE,,san francisco,KXNCAAMBGAME-26FEB07SFSMC
2026-02-06T21:48:39.510667,be07b7e4-c004-4f6c-abd2-ddcb60b420b7,KXNCAAMBGAME-26FEB07FIUWKU-FIU,YES,2,0.32,0.02188,0.34188,180.0,MONEYLINE,,florida international,KXNCAAMBGAME-26FEB07FIUWKU
2026-02-06T22:01:48.908332,4c271924-12b4-4b9a-9855-724c0404dfba,KXNCAAMBGAME-26FEB07UGALSU-LSU,YES,2,0.45,0.032636,0.482636,-102.0,MONEYLINE,,lsu,KXNCAAMBGAME-26FEB07UGALSU
2026-02-06T22:07:44.278182,f6340882-2a44-4ee5-96e7-46846794b485,KXNCAAMBGAME-26FEB07ARKMSST-ARK,NO,3,0.25,0.03169,0.28169,240.0,MONEYLINE,,arkansas,KXNCAAMBGAME-26FEB07ARKMSST
2026-02-06T22:09:42.620853,5ab6f834-a7b8-4a7f-becf-3a4ec4658a15,KXNCAAMBTOTAL-26FEB07HALLCREI-140,YES,4,0.45,0.051082,0.501082,-110.5,TOTAL,140.0,seton hall at creighton total 140.0 OVER,KXNCAAMBTOTAL-26FEB07HALLCREI
2026-02-06T22:11:02.153225,5a4c361f-d63d-4bc3-be86-b35def64c1ad,KXNCAAMBGAME-26FEB07GWDUQ-GW,YES,3,0.48,0.037364,0.517364,-118.0,MONEYLINE,,george washington,KXNCAAMBGAME-26FEB07GWDUQ
2026-02-06T22:13:00.394195,cd4c7ea1-ef6b-4b10-ae2f-8a61c3e856f1,KXNCAAMBTOTAL-26FEB07SYRUVA-147,YES,2,0.47,0.033247,0.503247,-111.5,TOTAL,147.0,syracuse at virginia total 147.0 OVER,KXNCAAMBTOTAL-26FEB07SYRUVA
2026-02-06T22:14:19.373110,e6d2ed74-7406-4165-9870-a3c186741eaa,KXNCAAMBTOTAL-26FEB07HALLCREI-140,YES,6,0.43,0.071082,0.501082,-110.5,TOTAL,140.0,seton hall at creighton total 140.0 OVER,KXNCAAMBTOTAL-26FEB07HALLCREI
2026-02-06T22:18:55.954809,f4bf836d-85e1-46fa-ba60-d1310d174fa2,KXNCAAMBGAME-26FEB07BGSUARST-BGSU,NO,1,0.54,0.017522,0.557522,-140.0,MONEYLINE,,bowling,KXNCAAMBGAME-26FEB07BGSUARST
2026-02-06T22:21:34.325595,e5a03de9-1859-487c-a32d-236b009eaef2,KXNCAAMBGAME-26FEB07BGSUARST-BGSU,NO,1,0.54,0.017522,0.557522,-140.0,MONEYLINE,,bowling,KXNCAAMBGAME-26FEB07BGSUARST
2026-02-06T22:21:34.468780,06c0758f-b980-4d4a-9083-e905c895554e,KXNCAAMBGAME-26FEB07VTNCST-VT,NO,2,0.81,0.015983,0.825983,-630.0,MONEYLINE,,virginia tech,KXNCAAMBGAME-26FEB07VTNCST
2026-02-06T22:22:53.498248,2845b31d-7ad7-41e1-9c1d-205d09aebb98,KXNCAAMBGAME-26FEB07MIZZSCAR-MIZZ,YES,1,0.52,0.016284,0.536284,-128.0,MONEYLINE,,missouri,KXNCAAMBGAME-26FEB07MIZZSCAR
2026-02-06T22:24:07.982236,2e3b3699-7bcb-4906-b22e-463cbb8233fa,KXNCAAMBGAME-26FEB07BGSUARST-BGSU,NO,1,0.54,0.017522,0.557522,-140.0,MONEYLINE,,bowling,KXNCAAMBGAME-26FEB07BGSUARST
2026-02-06T22:46:28.076880,fe053f33-d5e6-401b-90bf-651d4fba7859,KXNCAAMBGAME-26FEB07BGSUARST-BGSU,NO,1,0.54,0.017522,0.557522,-140.0,MONEYLINE,,bowling,KXNCAAMBGAME-26FEB07BGSUARST
